@book{dsm5,
  title={Diagnostic and statistical manual of mental disorders (DSM-5{\textregistered})},
  author={{American Psychiatric Association}},
  shortauthor = {APA},
  year={2013},
  publisher={American Psychiatric Pub}
}

@BOOK{ClarkBeck2011,
  title     = "Cognitive Therapy of Anxiety Disorders: Science and Practice",
  author    = "Clark, David A and Beck, Aaron T",
  publisher = "Guilford Press",
  year      =  2011,
}

@article{dymond2015,
  title={Fear generalization in humans: systematic review and implications for anxiety disorder research},
  author={Dymond, Simon and others},
  journal={Behavioral Therapy},
  volume={46},
  number={5},
  pages={561--582},
  year={2015},
  publisher={Elsevier}
}

@ARTICLE{Arnaudova2017,
  title    = "Pathways towards the proliferation of avoidance in anxiety and implications for treatment",
  author   = "Arnaudova, Inna and others",
  journal  = "Behaviour Research and Therapy",
  volume   =  96,
  pages    = "3--13",
  month    =  sep,
  year     =  2017,
}

@ARTICLE{Harle2017,
  title    = "Anhedonia and anxiety underlying depressive symptomatology have distinct effects on reward-based decision-making",
  author   = "Harl{\'e}, Katia M and others",
  journal  = "PLoS One",
  volume   =  12,
  number   =  10,
  pages    = "e0186473",
  month    =  oct,
  year     =  2017,
  language = "en"
}

@article{norbury2018,
  title={Value generalization in human avoidance learning},
  author={Norbury, Agnes and others},
  journal={eLife},
  volume={7},
  pages={e34779},
  year={2018},
  publisher={eLife Sciences Publications Limited}
}

@unpublished{Aylward2019,
  title  = "Altered decision-making under uncertainty in unmedicated mood and
            anxiety disorders",
  author = "Aylward, Jessica and Valton, Vincent and Ahn, Woo-Young and Bond,
            Rebecca L and Dayan, Peter and Roiser, Jonathan P and Robinson,
            Oliver J",
  note = "under review",
}

@article{huys2015,
  title={Decision-theoretic psychiatry},
  author={Huys, Quentin J M and others},
  journal={Clinical Psychological Science},
  volume={3},
  number={3},
  pages={400--421},
  year={2015},
  publisher={Sage Publications Sage CA: Los Angeles, CA}
}

@ARTICLE{HuysDayan2009,
  title    = "A Bayesian formulation of behavioral control",
  author   = "Huys, Quentin J M and Dayan, Peter",
  journal  = "Cognition",
  volume   =  113,
  number   =  3,
  pages    = "314--328",
  month    =  dec,
  year     =  2009,
  language = "en"
}

@ARTICLE{Garcia2015,
  title     = "A comprehensive survey on safe reinforcement learning",
  author    = "Garcia, J and Fernandez, F",
  journal   = "J. Mach. Learn. Res.",
  publisher = "jmlr.org",
  year      =  2015
}

@INPROCEEDINGS{Gaskett2003,
  title      = "Reinforcement learning under circumstances beyond its control",
  author     = "Gaskett, Chris",
  year       =  2003,
  conference = "Proceedings of the international conference on computational
                intelligence for modelling control and automation (CIMCA2003)",
  location   = "Vienna, Austria"
}

@article{aupperle2010,
  title={Neural systems underlying approach and avoidance in anxiety disorders},
  author={Aupperle, Robin and Martin, P Paulus},
  journal={Dialogues Clin. Neurosci.},
  volume={12},
  number={4},
  pages={517},
  year={2010},
  publisher={Les Laboratoires Servier}
}

@article{Lejuez2002,
  title={Evaluation of a behavioral measure of risk taking: the Balloon Analogue Risk Task (BART).},
  author={Lejuez, Carl W and Read, Jennifer P and Kahler, Christopher W and Richards, Jerry B and Ramsey, Susan E and Stuart, Gregory L and Strong, David R and Brown, Richard A},
  journal={Journal of Experimental Psychology: Applied},
  volume={8},
  number={2},
  pages={75},
  year={2002},
  publisher={American Psychological Association}
}

@article{Maner2007,
  title={Dispositional anxiety and risk-avoidant decision-making},
  author={Maner, Jon K and others},
  journal={Pers. Individ. Differ.},
  volume={42},
  number={4},
  pages={665--675},
  year={2007},
  publisher={Elsevier}
}

@article{ramirez2015,
  title={Anxiety, attention, and decision making: The moderating role of heart rate variability},
  author={Ram{\'\i}rez, Encarnaci{\'o}n and others},
  journal={International journal of psychophysiology},
  volume={98},
  number={3},
  pages={490--496},
  year={2015},
  publisher={Elsevier}
}

@article{bach2015,
  title={Anxiety-like behavioural inhibition is normative under environmental threat-reward correlations},
  author={Bach, Dominik R},
  journal={PLoS computational biology},
  volume={11},
  number={12},
  pages={e1004646},
  year={2015},
  publisher={Public Library of Science}
}

@unpublished{Mobbs2019,
  title    = "Slow, but not fast, escape decisions are swayed by trait anxiety",
  author   = "Fung, Bowen and others",
  journal  = "Nature Human Behavior",
  note = "under review",
}

@ARTICLE{Huys2012,
  title    = "Bonsai trees in your head: how the pavlovian system sculpts
              goal-directed choices by pruning decision trees",
  author   = "Huys, Quentin J M and Eshel, Neir and O'Nions, Elizabeth and
              Sheridan, Luke and Dayan, Peter and Roiser, Jonathan P",
  journal  = "PLoS Comput. Biol.",
  volume   =  8,
  number   =  3,
  pages    = "e1002410",
  month    =  mar,
  year     =  2012,
  language = "en"
}

@ARTICLE{Lally2017,
  title    = "The Neural Basis of Aversive Pavlovian Guidance during Planning",
  author   = "Lally, N{\'\i}all and Huys, Quentin J M and Eshel, Neir and
              Faulkner, Paul and Dayan, Peter and Roiser, Jonathan P",
  journal  = "J. Neurosci.",
  volume   =  37,
  number   =  42,
  pages    = "10215--10229",
  month    =  oct,
  year     =  2017,
  language = "en"
}

@article{kessler2015,
  title={Anxious and non-anxious major depressive disorder in the World Health Organization World Mental Health Surveys},
  author={Kessler, Ronald C and Sampson, Nancy A and Berglund, P and Gruber, MJ and Al-Hamzawi, Ali and Andrade, L and Bunting, B and Demyttenaere, Koen and Florescu, S and De Girolamo, Giovanni and others},
  journal={Epidemiology and psychiatric sciences},
  volume={24},
  number={3},
  pages={210--226},
  year={2015},
  publisher={Cambridge University Press}
}

@inbook{alloy1990,
  title={Comorbidity in anxiety and depressive disorders: A helplessness/hopelessness perspective},
  author = {Alloy, Lauren B and others},
  year={1990},
  booktitle={Comorbidity of anxiety and mood disorders},
  publisher={American Psychiatric Press},
}

@article{jacobson2014,
  title={Avoidance mediates the relationship between anxiety and depression over a decade later},
  author={Jacobson, Nicholas C and Newman, Michelle G},
  journal={Journal of anxiety disorders},
  volume={28},
  number={5},
  pages={437--445},
  year={2014},
  publisher={Elsevier}
}

@article{moutoussis2018,
  title={Computation in psychotherapy, or how computational psychiatry can aid learning-based psychological therapies},
  author={Moutoussis, Michael and others},
  journal={Computational Psychiatry},
  volume={2},
  pages={50--73},
  year={2018},
  publisher={MIT Press}
}

@article{bandura1977,
  title={Analysis of self-efficacy theory of behavioral change},
  author={Bandura, Albert and Adams, Nancy E},
  journal={Cognitive therapy and research},
  volume={1},
  number={4},
  pages={287--310},
  year={1977},
  publisher={Springer}
}

@article{geibel2005,
  title={Risk-sensitive reinforcement learning applied to control under constraints},
  author={Geibel, Peter and Wysotzki, Fritz},
  journal={Journal of Artificial Intelligence Research},
  volume={24},
  pages={81--108},
  year={2005}
}

@article{morimura2012,
  title={Parametric return density estimation for reinforcement learning},
  author={Morimura, Tetsuro and Sugiyama, Masashi and Kashima, Hisashi and Hachiya, Hirotaka and Tanaka, Toshiyuki},
  journal={arXiv preprint arXiv:1203.3497},
  year={2012}
}


@ARTICLE{Miceli2005,
  title     = "Anxiety as an ``epistemic'' emotion: An uncertainty theory of
               anxiety",
  author    = "Miceli, Maria and Castelfranchi, Cristiano",
  journal   = "Anxiety Stress Coping",
  publisher = "Routledge",
  volume    =  18,
  number    =  4,
  pages     = "291--319",
  month     =  dec,
  year      =  2005
}


@ARTICLE{Paulus2012,
  title    = "Emotion and decision-making: affect-driven belief systems in
              anxiety and depression",
  author   = "Paulus, Martin P and Yu, Angela J",
  journal  = "Trends Cogn. Sci.",
  volume   =  16,
  number   =  9,
  pages    = "476--483",
  month    =  sep,
  year     =  2012,
  language = "en"
}


@ARTICLE{Berenbaum2010,
  title    = "An initiation-termination two-phase model of worrying",
  author   = "Berenbaum, Howard",
  journal  = "Clin. Psychol. Rev.",
  volume   =  30,
  number   =  8,
  pages    = "962--975",
  month    =  dec,
  year     =  2010,
  language = "en"
}

@article{mattar2018,
  title={Prioritized memory access explains planning and hippocampal replay},
  author={Mattar, Marcelo G and Daw, Nathaniel D},
  journal={Nature Neuroscience},
  volume={21},
  number={11},
  pages={1609},
  year={2018},
  publisher={Nature Publishing Group}
}

@ARTICLE{Suzuki1997,
  title     = "Effects of number of alternatives on choice in humans",
  author    = "Suzuki, S",
  journal   = "Behav. Processes",
  publisher = "Elsevier",
  volume    =  39,
  number    =  2,
  pages     = "205--214",
  month     =  feb,
  year      =  1997,
  language  = "en"
}

@ARTICLE{Leotti2011,
  title    = "The inherent reward of choice",
  author   = "Leotti, Lauren A and Delgado, Mauricio R",
  journal  = "Psychol. Sci.",
  volume   =  22,
  number   =  10,
  pages    = "1310--1318",
  month    =  oct,
  year     =  2011,
  language = "en"
}

@ARTICLE{Leotti2014,
  title     = "The value of exercising control over monetary gains and losses",
  author    = "Leotti, Lauren A and Delgado, Mauricio R",
  journal   = "Psychol. Sci.",
  publisher = "journals.sagepub.com",
  volume    =  25,
  number    =  2,
  pages     = "596--604",
  month     =  feb,
  year      =  2014,
  keywords  = "anticipation; choice; cognitive neuroscience; functional MRI;
               neuroimaging; perceived control; reward; striatum",
  language  = "en"
}

@ARTICLE{Cockburn2014,
  title    = "A reinforcement learning mechanism responsible for the valuation
              of free choice",
  author   = "Cockburn, Jeffrey and Collins, Anne G E and Frank, Michael J",
  journal  = "Neuron",
  volume   =  83,
  number   =  3,
  pages    = "551--557",
  month    =  aug,
  year     =  2014,
  language = "en"
}