% ----------------------------------
% Anxiety Disorders (Clinical)
% ----------------------------------

@book{dsm5,
  title={Diagnostic and Statistical Manual of mental disorders (DSM-5{\textregistered})},
  author={{American Psychiatric Association}},
  year={2013},
  publisher={American Psychiatric Pub}
}

@article{bandura1977,
  title={Analysis of self-efficacy theory of behavioral change},
  author={Bandura, Albert and Adams, Nancy E},
  journal={Cognitive Therapy and Research},
  volume={1},
  number={4},
  pages={287--310},
  year={1977},
  doi={10.1007/BF01663995}
}

@article{ButlerMathews1983,
  title={Cognitive processes in anxiety},
  author={Butler, Gillian and Mathews, Andrew},
  journal={Advances in Behaviour Research and Therapy},
  volume={5},
  number={1},
  pages={51--62},
  year={1983},
  doi={10.1016/0146-6402(83)90015-2}
}

@article{ButlerMathews1987,
  title={Anticipatory anxiety and risk perception},
  author={Butler, Gillian and Mathews, Andrew},
  journal={Cognitive Therapy and Research},
  volume={11},
  number={5},
  pages={551--565},
  year={1987},
  doi={10.1007/BF01183858}
}

@article{davey1996,
  title={Catastrophic worrying as a function of changes in problem-solving confidence},
  author={Davey, Graham CL and Jubb, Michael and Cameron, Catherine},
  journal={Cognitive Therapy and Research},
  volume={20},
  number={4},
  pages={333--344},
  year={1996},
  doi={10.1007/BF02228037}
}

@article{MacleodByrne1996,
  title={Anxiety, depression, and the anticipation of future positive and negative experiences.},
  author={MacLeod, Andrew K and Byrne, Angela},
  journal={Journal of Abnormal Psychology},
  volume={105},
  number={2},
  pages={286},
  year={1996},
  doi={10.1037/0021-843X.105.2.286}
}

@article{dugas1997,
  title={Intolerance of uncertainty and problem orientation in worry},
  author={Dugas, Michel J and Freeston, Mark H and Ladouceur, Robert},
  journal={Cognitive Therapy and Research},
  volume={21},
  number={6},
  pages={593--606},
  year={1997},
  doi={10.1023/A:1021890322153}
}

@book{barlow2002,
  title={Anxiety and its disorders: The nature and treatment of anxiety and panic},
  author={Barlow, David H},
  year={2002},
}

@ARTICLE{Berenbaum2010,
  title    = "An initiation-termination two-phase model of worrying",
  author   = "Berenbaum, Howard",
  journal  = {Clinical Psychology Review},
  volume   =  30,
  number   =  8,
  pages    = "962--975",
  year     =  2010,
  doi      = {10.1016/j.cpr.2010.06.011}
}

@BOOK{ClarkBeck2011,
  title     = "Cognitive Therapy of Anxiety Disorders: Science and Practice",
  author    = "Clark, David A and Beck, Aaron T",
  publisher = "Guilford Press",
  year      =  2011,
}

@article{konstantellou2011,
  title={Testing a cognitive model of generalized anxiety disorder in the eating disorders},
  author={Konstantellou, Anna and Campbell, Mari and Eisler, Ivan and Simic, Mima and Treasure, Janet},
  journal={Journal of Anxiety Disorders},
  volume={25},
  number={7},
  pages={864--869},
  year={2011},
  doi={10.1016/j.janxdis.2011.04.005}
}

@article{gallagher2014a,
  title={Perceived control and vulnerability to anxiety disorders: A meta-analytic review},
  author={Gallagher, Matthew W and Bentley, Kate H and Barlow, David H},
  journal={Cognitive Therapy and Research},
  volume={38},
  number={6},
  pages={571--584},
  year={2014},
  doi={10.1007/s10608-014-9624-x}
}

@article{gallagher2014b,
  title={Perceived control is a transdiagnostic predictor of cognitive--behavior therapy outcome for anxiety disorders},
  author={Gallagher, Matthew W and Naragon-Gainey, Kristin and Brown, Timothy A},
  journal={Cognitive Therapy and Research},
  volume={38},
  number={1},
  pages={10--22},
  year={2014},
  doi={10.1007/s10608-013-9587-3}
}

@article{dymond2015,
  title={Fear generalization in humans: systematic review and implications for anxiety disorder research},
  author={Dymond, Simon and Dunsmoor, Joseph E and Vervliet, Bram and Roche, Bryan and Hermans, Dirk},
  journal={Behavioral Therapy},
  volume={46},
  number={5},
  pages={561--582},
  year={2015},
  doi={10.1016/j.beth.2014.10.001}
}

@ARTICLE{Arnaudova2017,
  title    = "Pathways towards the proliferation of avoidance in anxiety and implications for treatment",
  author={Arnaudova, Inna and Kindt, Merel and Fanselow, Michael and Beckers, Tom},
  journal  = "Behaviour Research and Therapy",
  volume   =  96,
  pages    = "3--13",
  year     =  2017,
  doi      = {10.1016/j.brat.2017.04.004}
}

@article{pittig2018,
  title={The role of associative fear and avoidance learning in anxiety disorders: Gaps and directions for future research},
  author={Pittig, Andre and Treanor, Michael and LeBeau, Richard T and Craske, Michelle G},
  journal={Neuroscience \& Biobehavioral Reviews},
  volume={88},
  pages={117--140},
  year={2018},
  doi={10.1016/j.neubiorev.2018.03.015}
}

@article{alloy2006,
  title={Cognitive vulnerability to unipolar and bipolar mood disorders},
  author={Alloy, Lauren B and Abramson, Lyn Y and Walshaw, Patricia D and Neeren, Amy M},
  journal={Journal of Social and Clinical Psychology},
  volume={25},
  number={7},
  pages={726--754},
  year={2006},
  doi={10.1521/jscp.2006.25.7.726}
}

% ----------------------------------
% Anxiety Disorders (Behavioral)
% ----------------------------------

@article{browning2015,
  title={Anxious individuals have difficulty learning the causal statistics of aversive environments},
  author={Browning, Michael and Behrens, Timothy E and Jocham, Gerhard and O'reilly, Jill X and Bishop, Sonia J},
  journal={Nature Neuroscience},
  volume={18},
  number={4},
  pages={590},
  year={2015},
  doi={10.1038/nn.3961}
}

@ARTICLE{Harle2017,
  title    = "Anhedonia and anxiety underlying depressive symptomatology have distinct effects on reward-based decision-making",
  author={Harl{\'e}, Katia M and Guo, Dalin and Zhang, Shunan and Paulus, Martin P and Angela, J Yu},
  journal  = "PLoS One",
  volume   =  12,
  number   =  10,
  pages    = "e0186473",
  year     =  2017,
  doi      = {10.1371/journal.pone.0186473}
}

@article{norbury2018,
  title={Value generalization in human avoidance learning},
  author={Norbury, Agnes and Robbins, Trevor W and Seymour, Ben},
  journal={eLife},
  volume={7},
  pages={e34779},
  year={2018},
  doi={10.7554/eLife.34779.001}
}

@article{gagne2018,
  title={When planning to survive goes wrong: predicting the future and replaying the past in anxiety and PTSD},
  author={Gagne, Christopher and Dayan, Peter and Bishop, Sonia J},
  journal={Current Opinion in Behavioral Sciences},
  volume={24},
  pages={89--95},
  year={2018},
  doi={10.1016/j.cobeha.2018.03.013}
}

@article{aylward2019,
  title={Altered learning under uncertainty in unmedicated mood and anxiety disorders},
  author={Aylward, Jessica and Valton, Vincent and Ahn, Woo-Young and Bond, Rebecca L and Dayan, Peter and Roiser, Jonathan P and Robinson, Oliver J},
  journal={Nature Human Behaviour},
  pages={1},
  year={2019},
  doi={10.1038/s41562-019-0628-0}
}

@article{hunter2019,
  title={Excessive deliberation in social anxiety},
  author={Hunter, Lindsay E and Meer, Elana A and Gillan, Claire M and Hsu, Ming and Daw, Nathaniel D},
  journal={bioRxiv},
  pages={522433},
  year={2019},
  doi={10.1101/522433}
}

% ----------------------------------
% Decision Theory
% ----------------------------------

@book{SuttonBarto2018,
  title={Reinforcement learning: An introduction},
  author={Sutton, Richard S and Barto, Andrew G},
  year={2018},
  publisher={MIT press}
}

@article{sutton1991,
  title={Dyna, an integrated architecture for learning, planning, and reacting},
  author={Sutton, Richard S},
  journal={ACM SIGART Bulletin},
  volume={2},
  number={4},
  pages={160--163},
  year={1991},
  doi={10.1145/122344.122377}
}

@article{dayan1993,
  title={Improving generalization for temporal difference learning: The successor representation},
  author={Dayan, Peter},
  journal={Neural Computation},
  volume={5},
  number={4},
  pages={613--624},
  year={1993},
  doi={10.1162/neco.1993.5.4.613}
}

@article{kaelbling1998,
  title={Planning and acting in partially observable stochastic domains},
  author={Kaelbling, Leslie Pack and Littman, Michael L and Cassandra, Anthony R},
  journal={Artificial Intelligence},
  volume={101},
  number={1-2},
  pages={99--134},
  year={1998},
  doi={10.1016/S0004-3702(98)00023-X}
}

@article{daw2005,
  title={Uncertainty-based competition between prefrontal and dorsolateral striatal systems for behavioral control},
  author={Daw, Nathaniel D and Niv, Yael and Dayan, Peter},
  journal={Nature Neuroscience},
  volume={8},
  number={12},
  pages={1704},
  year={2005},
  doi={10.1038/nn1560}
}

@article{HuysDayan2009,
  title    = "A Bayesian formulation of behavioral control",
  author={Huys, Quentin JM and Dayan, Peter},
  journal  = "Cognition",
  volume   =  113,
  number   =  3,
  pages    = "314--328",
  year     =  2009,
  doi      = {10.1016/j.cognition.2009.01.008}
}

@article{symmonds2010,
  title={A behavioral and neural evaluation of prospective decision-making under risk},
  author={Symmonds, Mkael and Bossaerts, Peter and Dolan, Raymond J},
  journal={Journal of Neuroscience},
  volume={30},
  number={43},
  pages={14380--14389},
  year={2010},
  doi={10.1523/JNEUROSCI.1459-10.2010}
}

@ARTICLE{Paulus2012,
  title    = "Emotion and decision-making: affect-driven belief systems in anxiety and depression",
  author   = "Paulus, Martin P and Yu, Angela J",
  journal  = {Trends in Cognitive Sciences},
  volume   =  16,
  number   =  9,
  pages    = "476--483",
  year     =  2012,
  doi      = {10.1016/j.tics.2012.07.009}
}

@article{huys2015,
  title={Depression: a decision-theoretic analysis},
  author={Huys, Quentin JM and Daw, Nathaniel D and Dayan, Peter},
  journal={Annual Review of Neuroscience},
  volume={38},
  pages={1--23},
  year={2015},
  doi={10.1146/annurev-neuro-071714-033928}
}

@article{moutoussis2018,
  title={Computation in psychotherapy, or how computational psychiatry can aid learning-based psychological therapies},
  author={Moutoussis, Michael and Shahar, Nitzan and Hauser, Tobias U and Dolan, Raymond J},
  journal={Computational Psychiatry},
  volume={2},
  pages={50--73},
  year={2018},
  doi={10.1162/CPSY_a_00014}
}

@article{momennejad_successor_2017,
	title = {The successor representation in human reinforcement learning},
	volume = {1},
	issn = {2397-3374},
	doi = {10.1038/s41562-017-0180-8},
	number = {9},
	journal = {Nature Human Behaviour},
	author = {Momennejad, I. and Russek, E. M. and Cheong, J. H. and Botvinick, M. M. and Daw, N. D. and Gershman, S. J.},
	year = {2017},
	pages = {680--692},
}

@article{momennejad_offline_2018,
	title = {Offline replay supports planning in human reinforcement learning},
	volume = {7},
	issn = {2050-084X},
	doi = {10.7554/eLife.32548},
	pages = {e32548},
	journal = {eLife},
	author = {Momennejad, Ida and Otto, A Ross and Daw, Nathaniel D and Norman, Kenneth A},
	editor = {Badre, David and Frank, Michael J},
	year = {2018},
}

@article{russek_predictive_2017,
	title = {Predictive representations can link model-based reinforcement learning to model-free mechanisms},
	author = {Russek, Evan M. and Momennejad, Ida and Botvinick, Matthew M. and Gershman, Samuel J. and Daw, Nathaniel D.},
	volume = {13},
	issn = {1553-7358},
	doi = {10.1371/journal.pcbi.1005768},
	number = {9},
	journal = {PLOS Computational Biology},
	year = {2017},
	pages = {e1005768},
}

@article{glascher2010,
  title={States versus rewards: dissociable neural prediction error signals underlying model-based and model-free reinforcement learning},
  author={Gl{\"a}scher, Jan and Daw, Nathaniel and Dayan, Peter and O'Doherty, John P},
  journal={Neuron},
  volume={66},
  number={4},
  pages={585--595},
  year={2010},
  doi={10.1016/j.neuron.2010.04.016}
}

@article{lee2014,
  title={Neural computations underlying arbitration between model-based and model-free learning},
  author={Lee, Sang Wan and Shimojo, Shinsuke and O’Doherty, John P},
  journal={Neuron},
  volume={81},
  number={3},
  pages={687--699},
  year={2014},
  doi={10.1016/j.neuron.2013.11.028}
}

% ----------------------------------
% Safe Reinforcement Learning
% ----------------------------------

@INPROCEEDINGS{Gaskett2003,
  title      = "Reinforcement learning under circumstances beyond its control",
  author     = "Gaskett, Chris",
  year       =  2003,
  booktitle = "Proceedings of the international conference on computational intelligence, robotics and autonomous systems.",
  conference = "Proceedings of the international conference on computational intelligence for modelling control and automation (CIMCA2003)",
  location   = "Vienna, Austria"
}

@article{morimura2012,
  title={Parametric return density estimation for reinforcement learning},
  author={Morimura, Tetsuro and Sugiyama, Masashi and Kashima, Hisashi and Hachiya, Hirotaka and Tanaka, Toshiyuki},
  journal={arXiv preprint arXiv:1203.3497},
  year={2012}
}

@inproceedings{chow2015,
  title={Risk-sensitive and robust decision-making: a CVaR optimization approach},
  author={Chow, Yinlam and Tamar, Aviv and Mannor, Shie and Pavone, Marco},
  booktitle={Advances in Neural Information Processing Systems},
  pages={1522--1530},
  year={2015}
}

@ARTICLE{Garcia2015,
  title     = "A comprehensive survey on safe reinforcement learning",
  author    = "Garcia, J and Fernandez, F",
  journal   = {Journal of Machine Learning Research},
  year      =  2015
}

@inproceedings{bellemare2017,
  title={A distributional perspective on reinforcement learning},
  author={Bellemare, Marc G and Dabney, Will and Munos, R{\'e}mi},
  booktitle={Proceedings of the 34th International Conference on Machine Learning-Volume 70},
  pages={449--458},
  year={2017},
  organization={JMLR.org}
}

% ----------------------------------
% Approach/Avoidance
% ----------------------------------

@article{Lejuez2002,
  title={Evaluation of a behavioral measure of risk taking: the Balloon Analogue Risk Task (BART).},
  author={Lejuez, Carl W and Read, Jennifer P and Kahler, Christopher W and Richards, Jerry B and Ramsey, Susan E and Stuart, Gregory L and Strong, David R and Brown, Richard A},
  journal={Journal of Experimental Psychology: Applied},
  volume={8},
  number={2},
  pages={75},
  year={2002},
  doi={10.1037//1076-898x.8.2.75}
}

@article{Maner2007,
  title={Dispositional anxiety and risk-avoidant decision-making},
  author={Maner, Jon K and Richey, J Anthony and Cromer, Kiara and Mallott, Mike and Lejuez, Carl W and Joiner, Thomas E and Schmidt, Norman B},
  journal={Personality and Individual Differences},
  volume={42},
  number={4},
  pages={665--675},
  year={2007},
  doi={10.1016/j.paid.2006.08.016}
}

@article{aupperle2010,
  title={Neural systems underlying approach and avoidance in anxiety disorders},
  author={Aupperle, Robin and Martin, P Paulus},
  journal={Dialogues in Clinical Neuroscience},
  volume={12},
  number={4},
  pages={517},
  year={2010},
}

@article{bach2015,
  title={Anxiety-like behavioural inhibition is normative under environmental threat-reward correlations},
  author={Bach, Dominik R},
  journal={PLoS Computational Biology},
  volume={11},
  number={12},
  pages={e1004646},
  year={2015},
  doi={10.1371/journal.pcbi.1004646}
}

@article{ramirez2015,
  title={Anxiety, attention, and decision making: The moderating role of heart rate variability},
  author={Ram{\'\i}rez, Encarnaci{\'o}n and Ortega, Ana Raquel and Del Paso, Gustavo A Reyes},
  journal={International Journal of Psychophysiology},
  volume={98},
  number={3},
  pages={490--496},
  year={2015},
  doi={10.1016/j.ijpsycho.2015.10.007}
}

@article{fung2019,
  title={Slow escape decisions are swayed by trait anxiety},
  author={Fung, Bowen J and Qi, Song and Hassabis, Demis and Daw, Nathaniel and Mobbs, Dean},
  journal={Nature Human Behaviour},
  pages={1},
  year={2019},
  doi={10.1038/s41562-019-0595-5}
}

% ----------------------------------
% Aversive Pruning
% ----------------------------------

@ARTICLE{Huys2012,
  title    = "Bonsai trees in your head: how the pavlovian system sculpts goal-directed choices by pruning decision trees",
  author   = "Huys, Quentin JM and Eshel, Neir and O'Nions, Elizabeth and Sheridan, Luke and Dayan, Peter and Roiser, Jonathan P",
  journal={PLoS Computational Biology},
  volume   =  8,
  number   =  3,
  pages    = "e1002410",
  year     =  2012,
  doi      = {10.1371/journal.pcbi.1002410}
}

@ARTICLE{Lally2017,
  title    = "The Neural Basis of Aversive Pavlovian Guidance during Planning",
  author   = "Lally, N{\'\i}all and Huys, Quentin JM and Eshel, Neir and Faulkner, Paul and Dayan, Peter and Roiser, Jonathan P",
  journal  = "Journal of Neuroscience",
  volume   =  37,
  number   =  42,
  pages    = "10215--10229",
  year     =  2017,
  doi      = {10.1523/JNEUROSCI.0085-17.2017}
}

% ----------------------------------
% Anxiety-to-Depression
% ----------------------------------

@incollection{alloy1990,
  author = {Alloy, Lauren B and Kelly, Kelly A. and Mineka, Susan and Clements, Caroline M.},
  title={Comorbidity in anxiety and depressive disorders: A helplessness/hopelessness perspective},
  year={1990},
  booktitle={Comorbidity of anxiety and mood disorders},
  publisher={American Psychiatric Press},
  editor={Maser, Jack D. and Cloninger, C. Robert}
}

@article{jacobson2014,
  title={Avoidance mediates the relationship between anxiety and depression over a decade later},
  author={Jacobson, Nicholas C and Newman, Michelle G},
  journal={Journal of Anxiety Disorders},
  volume={28},
  number={5},
  pages={437--445},
  year={2014},
  doi={10.1016/j.janxdis.2014.03.007}
}

@article{kessler2015,
  title={Anxious and non-anxious major depressive disorder in the World Health Organization World Mental Health Surveys},
  author={Kessler, R. C. and Sampson, N. A. and Berglund, P. and Gruber, M. J. and Al-Hamzawi, A. and Andrade, L. and Bunting, B. and Demyttenaere, K. and Florescu, S. and de Girolamo, G. and et al.},  
  journal={Epidemiology and Psychiatric Sciences},
  volume={24},
  number={3},
  pages={210--226},
  year={2015},
  doi={10.1017/S2045796015000189}
}

% ----------------------------------
% Free choice premium
% ----------------------------------

@ARTICLE{Leotti2010,
  title    = "Born to choose: the origins and value of the need for control",
  author   = "Leotti, Lauren A and Iyengar, Sheena S and Ochsner, Kevin N",
  journal  = {Trends in Cognitive Sciences},
  volume   =  14,
  number   =  10,
  pages    = "457--463",
  year     =  2010,
  doi      = {10.1016/j.tics.2010.08.001}
}

@ARTICLE{Leotti2011,
  title    = "The inherent reward of choice",
  author   = "Leotti, Lauren A and Delgado, Mauricio R",
  journal  = {Psychological science},
  volume   =  22,
  number   =  10,
  pages    = "1310--1318",
  year     =  2011,
  doi      = {10.1177/0956797611417005}
}

@ARTICLE{Leotti2014,
  title     = "The value of exercising control over monetary gains and losses",
  author    = "Leotti, Lauren A and Delgado, Mauricio R",
  journal   = {Psychological science},
  volume    =  25,
  number    =  2,
  pages     = "596--604",
  year      =  2014,
  doi       = {10.1177/0956797613514589}
}

@article{ly2019,
  title={A reward-based framework of perceived control},
  author={Ly, Verena and Wang, Kainan S and Bhanji, Jamil and Delgado, Mauricio R},
  journal={Frontiers in Neuroscience},
  volume={13},
  year={2019},
  doi={10.3389/fnins.2019.00065}
}

% ----------------------------------
% Neuroscience
% ----------------------------------

@book{marr1982,
  author = {David Courtnay Marr},
  year = {1982},
  title = {Vision: a computational investigation into the human representation and processing of visual information},
  publisher = {MIT Press},
}

@article{niv2007,
  title={Tonic dopamine: opportunity costs and the control of response vigor},
  author={Niv, Yael and Daw, Nathaniel D and Joel, Daphna and Dayan, Peter},
  journal={Psychopharmacology},
  volume={191},
  number={3},
  pages={507--520},
  year={2007},
  doi={10.1007/s00213-006-0502-4}
}

@article{friston2014computational,
  title={Computational psychiatry: the brain as a phantastic organ},
  author={Friston, Karl J and Stephan, Klaas Enno and Montague, Read and Dolan, Raymond J},
  journal={The Lancet Psychiatry},
  volume={1},
  number={2},
  pages={148--158},
  year={2014},
  doi={10.1016/S2215-0366(14)70275-5}
}

@article{ambrose2016,
  title={Reverse replay of hippocampal place cells is uniquely modulated by changing reward},
  author={Ambrose, R Ellen and Pfeiffer, Brad E and Foster, David J},
  journal={Neuron},
  volume={91},
  number={5},
  pages={1124--1136},
  year={2016},
  doi={10.1016/j.neuron.2016.07.047}
}

@article{oud2016,
  title={Irrational time allocation in decision-making},
  author={Oud, Bastiaan and Krajbich, Ian and Miller, Kevin and Cheong, Jin Hyun and Botvinick, Matthew and Fehr, Ernst},
  journal={Proceedings of the Royal Society B: Biological Sciences},
  volume={283},
  number={1822},
  pages={20151439},
  year={2016},
  doi={10.1098/rspb.2015.1439}
}

@article{mattar2018,
  title={Prioritized memory access explains planning and hippocampal replay},
  author={Mattar, Marcelo G and Daw, Nathaniel D},
  journal={Nature Neuroscience},
  volume={21},
  number={11},
  pages={1609},
  year={2018},
  doi={10.1038/s41593-018-0232-z}
}